<marcxml:record xmlns:xlink="http://www.w3.org/1999/xlink" xmlns:marcxml="http://www.loc.gov/MARC21/slim" xmlns:mets="http://www.loc.gov/METS/" xmlns:mxe="http://www.loc.gov/mxe" xmlns:rdf="http://www.w3.org/1999/02/22-rdf-syntax-ns#" xmlns:rdfs="http://www.w3.org/2000/01/rdf-schema#" xmlns:skos="http://www.w3.org/2004/02/skos/core#" xmlns:madsrdf="http://www.loc.gov/mads/rdf/v1#" xmlns:ri="http://id.loc.gov/ontologies/RecordInfo#" xmlns:sem="http://marklogic.com/semantics">
  <marcxml:leader>01435cz  a2200313n  4500</marcxml:leader>
  <marcxml:controlfield tag="001">n79054477</marcxml:controlfield>
  <marcxml:controlfield tag="003">DLC</marcxml:controlfield>
  <marcxml:controlfield tag="005">20150702053155.0</marcxml:controlfield>
  <marcxml:controlfield tag="008">790619n| azannaabn          |b aaa      </marcxml:controlfield>
  <marcxml:datafield tag="010" ind1=" " ind2=" ">
    <marcxml:subfield code="a">n  79054477 </marcxml:subfield>
  </marcxml:datafield>
  <marcxml:datafield tag="035" ind1=" " ind2=" ">
    <marcxml:subfield code="a">(OCoLC)oca00287614</marcxml:subfield>
  </marcxml:datafield>
  <marcxml:datafield tag="040" ind1=" " ind2=" ">
    <marcxml:subfield code="a">DLC</marcxml:subfield>
    <marcxml:subfield code="b">eng</marcxml:subfield>
    <marcxml:subfield code="e">rda</marcxml:subfield>
    <marcxml:subfield code="c">DLC</marcxml:subfield>
    <marcxml:subfield code="d">DLC</marcxml:subfield>
    <marcxml:subfield code="d">OCoLC</marcxml:subfield>
    <marcxml:subfield code="d">IAhCCS</marcxml:subfield>
    <marcxml:subfield code="d">InU</marcxml:subfield>
    <marcxml:subfield code="d">UPB</marcxml:subfield>
  </marcxml:datafield>
  <marcxml:datafield tag="046" ind1=" " ind2=" ">
    <marcxml:subfield code="f">1910-12-24</marcxml:subfield>
    <marcxml:subfield code="g">1992-09-05</marcxml:subfield>
    <marcxml:subfield code="2">edtf</marcxml:subfield>
  </marcxml:datafield>
  <marcxml:datafield tag="053" ind1=" " ind2="0">
    <marcxml:subfield code="a">PS3523.E4583</marcxml:subfield>
  </marcxml:datafield>
  <marcxml:datafield tag="100" ind1="1" ind2=" ">
    <marcxml:subfield code="a">Leiber, Fritz,</marcxml:subfield>
    <marcxml:subfield code="d">1910-1992</marcxml:subfield>
  </marcxml:datafield>
  <marcxml:datafield tag="372" ind1=" " ind2=" ">
    <marcxml:subfield code="a">Science fiction</marcxml:subfield>
    <marcxml:subfield code="a">Fantasy fiction</marcxml:subfield>
    <marcxml:subfield code="2">lcsh</marcxml:subfield>
  </marcxml:datafield>
  <marcxml:datafield tag="374" ind1=" " ind2=" ">
    <marcxml:subfield code="a">Authors</marcxml:subfield>
    <marcxml:subfield code="2">lcsh</marcxml:subfield>
  </marcxml:datafield>
  <marcxml:datafield tag="375" ind1=" " ind2=" ">
    <marcxml:subfield code="a">male</marcxml:subfield>
  </marcxml:datafield>
  <marcxml:datafield tag="377" ind1=" " ind2=" ">
    <marcxml:subfield code="a">eng</marcxml:subfield>
  </marcxml:datafield>
  <marcxml:datafield tag="378" ind1=" " ind2=" ">
    <marcxml:subfield code="q">Fritz Reuter</marcxml:subfield>
  </marcxml:datafield>
  <marcxml:datafield tag="400" ind1="1" ind2=" ">
    <marcxml:subfield code="a">Leiber, Fritz Reuter,</marcxml:subfield>
    <marcxml:subfield code="c">Jr.</marcxml:subfield>
    <marcxml:subfield code="d">1910-1992</marcxml:subfield>
  </marcxml:datafield>
  <marcxml:datafield tag="400" ind1="1" ind2=" ">
    <marcxml:subfield code="a">Леибер, Фритз,</marcxml:subfield>
    <marcxml:subfield code="d">1910-1992</marcxml:subfield>
  </marcxml:datafield>
  <marcxml:datafield tag="667" ind1=" " ind2=" ">
    <marcxml:subfield code="a">Non-Latin script reference not evaluated.</marcxml:subfield>
  </marcxml:datafield>
  <marcxml:datafield tag="670" ind1=" " ind2=" ">
    <marcxml:subfield code="a">His Night's black agents, 1947.</marcxml:subfield>
  </marcxml:datafield>
  <marcxml:datafield tag="670" ind1=" " ind2=" ">
    <marcxml:subfield code="a">His The big time, 2000:</marcxml:subfield>
    <marcxml:subfield code="b">t.p. (Fritz Leiber) jkt. (d. in 1992)</marcxml:subfield>
  </marcxml:datafield>
  <marcxml:datafield tag="670" ind1=" " ind2=" ">
    <marcxml:subfield code="a">Devochka s golodnymi glazami, 1991, ©1991:</marcxml:subfield>
    <marcxml:subfield code="b">p. 32 (Frit︠s︡ Leĭber [Cyrillic])</marcxml:subfield>
  </marcxml:datafield>
  <marcxml:datafield tag="670" ind1=" " ind2=" ">
    <marcxml:subfield code="a">Wikipedia, April 29, 2012</marcxml:subfield>
    <marcxml:subfield code="b">(Fritz Reuter Leiber, Jr.; b. Dec. 24, 1910; d. Sept. 5, 1992; German-American writer of fantasy, horror, and science fiction)</marcxml:subfield>
  </marcxml:datafield>
  <marcxml:datafield tag="670" ind1=" " ind2=" ">
    <marcxml:subfield code="a">Internet speculative fiction database, via www 12 June, 2015</marcxml:subfield>
    <marcxml:subfield code="b">(Fritz Leiber ; full name: Fritz Reuter Leiber Jr. ; born 24 December, 1910 in Chicago, Illinois ; died 5 September 1992 ; science fiction author)</marcxml:subfield>
  </marcxml:datafield>
  <marcxml:datafield tag="670" ind1=" " ind2=" ">
    <marcxml:subfield code="a">Transferred from 678 field, 24 June 2015</marcxml:subfield>
    <marcxml:subfield code="b">(an associate editor of Science digest)</marcxml:subfield>
  </marcxml:datafield>
</marcxml:record>
